<?xml version="1.0" encoding="UTF-8" ?>
<collection xmlns:xsi="http://www.w3.org/2001/XMLSchema-instance" xsi:schemaLocation="http://www.loc.gov/MARC21/slim http://www.loc.gov/standards/marcxml/schema/MARC21slim.xsd" xmlns="http://www.loc.gov/MARC21/slim">
   <record>
      <leader>     mam a22        4500</leader>
      <controlfield tag="001">1926064</controlfield>
      <controlfield tag="003">COO</controlfield>
      <controlfield tag="005">20130330172440.0</controlfield>
      <controlfield tag="008">870318s1899    ua      a     000 0 araod</controlfield>
      <datafield tag="035" ind1=" " ind2=" ">
         <subfield code="a">(NIC)notisAJY9821</subfield>
      </datafield>
      <datafield tag="035" ind1=" " ind2=" ">
         <subfield code="a">(OCoLC)64025375</subfield>
      </datafield>
      <datafield tag="035" ind1=" " ind2=" ">
         <subfield code="a">1926064</subfield>
      </datafield>
      <datafield tag="040" ind1=" " ind2=" ">
         <subfield code="a">PU</subfield>
         <subfield code="c">PSt</subfield>
         <subfield code="d">NIC</subfield>
      </datafield>
      <datafield tag="100" ind1="1" ind2=" ">
         <subfield code="a">ʻĀmilī, Bahāʼ al-Dīn Muḥammad ibn Ḥusayn,</subfield>
         <subfield code="d">1547-1621.</subfield>
      </datafield>
      <datafield tag="240" ind1="1" ind2="0">
         <subfield code="a">Mikhlah</subfield>
      </datafield>
      <datafield tag="245" ind1="1" ind2="0">
         <subfield code="a">Kitāb al-mikhlāh /</subfield>
         <subfield code="c">li-Bahāʼ al-Dīn Muḥammad ibn Ḥusayn al-ʻĀmilī. Wa-qad dhayyalnāhu bi-Kitāb Asrār al-Balāghah / li-muʼallif al-madhkūr. Wa-bi-hāmishih Kitāb sukkardān al-sulṭān / li-Shihāb al-Dīn ibn al-ʻAbbās Aḥmad ibn Yaḥyʼa ibn Abī Bakr al-shahīr bi-Ibn Ḥajalah al-Maghribī al-Tilimsānī.</subfield>
      </datafield>
      <datafield tag="260" ind1=" " ind2=" ">
         <subfield code="a">Miṣr,</subfield>
         <subfield code="b">al-Maṭbaʻah al-Maymunīyah,</subfield>
         <subfield code="c">1317 [1899 or 1900]</subfield>
      </datafield>
      <datafield tag="300" ind1=" " ind2=" ">
         <subfield code="a">228, 24 p.</subfield>
         <subfield code="c">28 cm.</subfield>
      </datafield>
      <datafield tag="533" ind1=" " ind2=" ">
         <subfield code="a">Photocopy.</subfield>
         <subfield code="b">[Ithaca, N.Y.] :</subfield>
         <subfield code="c">Ridley&apos;s Book Bindery,</subfield>
         <subfield code="c">1992.</subfield>
         <subfield code="e">29 cm.</subfield>
      </datafield>
      <datafield tag="700" ind1="1" ind2="2">
         <subfield code="a">ʻAmilī, Bahāʻ al-Dīn Muḥammad ibn Ḥusayn,</subfield>
         <subfield code="d">1547-1621.</subfield>
         <subfield code="t">Asrār al-Balāghah.</subfield>
      </datafield>
      <datafield tag="700" ind1="1" ind2="2">
         <subfield code="a">Ibn Abī Ḥajalah, Aḥmad ibn Yaḥyá,</subfield>
         <subfield code="d">1325-1374 or 1375.</subfield>
         <subfield code="t">Kitāb al-Sukkardān.</subfield>
      </datafield>
      <datafield tag="905" ind1=" " ind2=" ">
         <subfield code="a">19950309120000.0</subfield>
      </datafield>
      <datafield tag="948" ind1="2" ind2=" ">
         <subfield code="a">20100407</subfield>
         <subfield code="b">m</subfield>
         <subfield code="d">batch</subfield>
         <subfield code="e">lts</subfield>
         <subfield code="x">del9XXtxt</subfield>
      </datafield>
      <datafield tag="995" ind1=" " ind2=" ">
         <subfield code="a">Hivolm</subfield>
         <subfield code="d">20100407</subfield>
      </datafield>
      <datafield tag="903" ind1=" " ind2=" ">
         <subfield code="a">NYUACO</subfield>
         <subfield code="d">20131119</subfield>
         <subfield code="p">31924074282264</subfield>
      </datafield>
      <datafield tag="950" ind1=" " ind2=" ">
         <subfield code="a">+</subfield>
         <subfield code="b">PJ7765.A51 M6 1899a</subfield>
         <subfield code="v"> </subfield>
      </datafield>
   </record>
</collection>
